@article{acar2006,
  title={Adaptive functional programming},
  author={Acar, Umut A and Blelloch, Guy E and Harper, Robert},
  journal={ACM Transactions on Programming Languages and Systems (TOPLAS)},
  volume={28},
  number={6},
  pages={990--1034},
  year={2006},
  publisher={ACM}
}

@article{blanchette2011,
  title={Automatic proof and disproof in Isabelle/HOL},
  author={Blanchette, Jasmin and Bulwahn, Lukas and Nipkow, Tobias},
  journal={Frontiers of Combining Systems},
  pages={12--27},
  year={2011},
  publisher={Springer}
}

@inproceedings{boite2004,
  title={Proof reuse with extended inductive types},
  author={Boite, Olivier},
  booktitle={International Conference on Theorem Proving in Higher Order Logics},
  pages={50--65},
  year={2004},
  organization={Springer}
}

@inproceedings{cai2014,
 author = {Cai, Yufei and Giarrusso, Paolo G. and Rendel, Tillmann and Ostermann, Klaus},
 title = {A Theory of Changes for Higher-order Languages: Incrementalizing {$\lambda$}-calculi by Static Differentiation},
 booktitle = {Proceedings of the 35th ACM SIGPLAN Conference on Programming Language Design and Implementation},
 series = {PLDI '14},
 year = {2014},
 isbn = {978-1-4503-2784-8},
 location = {Edinburgh, United Kingdom},
 pages = {145--155},
 numpages = {11},
 url = {http://doi.acm.org/10.1145/2594291.2594304},
 doi = {10.1145/2594291.2594304},
 acmid = {2594304},
 publisher = {ACM},
 address = {New York, NY, USA},
 keywords = {Agda, first-class functions, formalization, incremental computation, performance},
}

@inproceedings{carlsson2002,
  title={Monads for incremental computing},
  author={Carlsson, Magnus},
  booktitle={ACM SIGPLAN Notices},
  volume={37},
  pages={26--35},
  year={2002},
  organization={ACM}
}

@inproceedings{chen2011,
  title={Implicit self-adjusting computation for purely functional programs},
  author={Chen, Yan and Dunfield, Joshua and Hammer, Matthew A and Acar, Umut A},
  booktitle={ACM SIGPLAN Notices},
  volume={46},
  pages={129--141},
  year={2011},
  organization={ACM}
}

@article{czajka2017,
  title={Hammer for Coq: Automation for dependent type theory. Submitted},
  author={Czajka, {\L} and Kaliszyk, C},
  journal={URL http://cl-informatik. uibk. ac. at/cek/coqhammer},
  year={2017}
}

@phdthesis{dagand2013cosmology,
  title={A Cosmology of Datatypes},
  author={Dagand, Pierre-Evariste},
  year={2013},
  school={Citeseer}
}

@article{dagand2017essence,
  title={The essence of ornaments},
  author={Dagand, Pierre-{\'E}variste},
  journal={Journal of Functional Programming},
  volume={27},
  year={2017},
  publisher={Cambridge University Press}
}

@inproceedings{dietrich2013,
  title={A framework for proof refactoring},
  author={Dietrich, Dominik and Whiteside, Iain and Aspinall, David},
  booktitle={International Conference on Logic for Programming Artificial Intelligence and Reasoning},
  pages={776--791},
  year={2013},
  organization={Springer}
}

@inproceedings{falleri2014,
  author    = {Jean{-}R{\'{e}}my Falleri and
               Flor{\'{e}}al Morandat and
               Xavier Blanc and
               Matias Martinez and
               Martin Monperrus},
  title     = {Fine-grained and accurate source code differencing},
  booktitle = {{ACM/IEEE} International Conference on Automated Software Engineering,
               {ASE} '14, Vasteras, Sweden - September 15 - 19, 2014},
  pages     = {313--324},
  year      = {2014},
  url       = {http://doi.acm.org/10.1145/2642937.2642982},
  doi       = {10.1145/2642937.2642982}
}

@inproceedings{firsov2016,
  title={Purely Functional Incremental Computing},
  author={Firsov, Denis and Jeltsch, Wolfgang},
  booktitle={Brazilian Symposium on Programming Languages},
  pages={62--77},
  year={2016},
  organization={Springer}
}

@inproceedings{foster2012,
  title={WitchDoctor: IDE support for real-time auto-completion of refactorings},
  author={Foster, Stephen R and Griswold, William G and Lerner, Sorin},
  booktitle={Proceedings of the 34th International Conference on Software Engineering},
  pages={222--232},
  year={2012},
  organization={IEEE Press}
}

@article{howard1980formulae,
  title={The formulae-as-types notion of construction},
  author={Howard, William A},
  journal={To HB Curry: essays on combinatory logic, lambda calculus and formalism},
  volume={44},
  pages={479--490},
  year={1980}
}

@article{li2005haskell,
  title={The Haskell refactorer, HaRe, and its API},
  author={Li, Huiqing and Thompson, Simon and Reinke, Claus},
  journal={Electronic Notes in Theoretical Computer Science},
  volume={141},
  number={4},
  pages={29--34},
  year={2005},
  publisher={Citeseer}
}

@inproceedings{li2006,
  title={Refactoring erlang programs},
  author={Li, Huiqing and Thompson, Simon and L{\"o}vei, L{\'a}szl{\'o} and Horv{\'a}th, Zolt{\'a}n and Kozsik, Tam{\'a}s and V{\i}g, Anik{\'o} and Nagy, Tam{\'a}s},
  booktitle={The Proceedings of 12th International Erlang/OTP User Conference, Stockholm, Sweden},
  volume={10},
  year={2006}
}

@article{polikarpova2016,
  title={Program synthesis from polymorphic refinement types},
  author={Polikarpova, Nadia and Kuraj, Ivan and Solar-Lezama, Armando},
  journal={ACM SIGPLAN Notices},
  volume={51},
  number={6},
  pages={522--538},
  year={2016},
  publisher={ACM}
}

@inproceedings{ringer2018adapting,
  title={Adapting proof automation to adapt proofs},
  author={Ringer, Talia and Yazdani, Nathaniel and Leo, John and Grossman, Dan},
  booktitle={Proceedings of the 7th ACM SIGPLAN International Conference on Certified Programs and Proofs},
  pages={115--129},
  year={2018},
  organization={ACM}
}

@article{ruegenberg2011,
  title={Semi-automatic proof refactoring for Isabelle},
  author={Ruegenberg, Marcel},
  journal={Bacherlorarbeit in Informatik, Technische Universit{\"a}t M{\"u}nchen},
  year={2011}
}

@article{whiteside2011,
  title={Towards formal proof script refactoring},
  author={Whiteside, Iain and Aspinall, David and Dixon, Lucas and Grov, Gudmund},
  journal={Intelligent Computer Mathematics},
  pages={260--275},
  year={2011},
  publisher={Springer}
}

@inproceedings{williams2014ornaments,
  title={Ornaments in practice},
  author={Williams, Thomas and Dagand, Pierre-{\'E}variste and R{\'e}my, Didier},
  booktitle={Proceedings of the 10th ACM SIGPLAN workshop on Generic programming},
  pages={15--24},
  year={2014},
  organization={ACM}
}

@article{williams2017,
  title={A principled approach to ornamentation in ML},
  author={Williams, Thomas and R{\'e}my, Didier},
  journal={Proceedings of the ACM on Programming Languages},
  volume={2},
  number={POPL},
  pages={21},
  year={2017},
  publisher={ACM}
}

@article{wirfs1990surveying,
  title={Surveying current research in object-oriented design},
  author={Wirfs-Brock, Rebecca J and Johnson, Ralph E},
  journal={Communications of the ACM},
  volume={33},
  number={9},
  pages={104--124},
  year={1990},
  publisher={ACM}
}
